@misc{dhs,
 title={{Demographic Health Survey (DHS)}},
 author={{DHS Program}},
 url={https://dhsprogram.com/Methodology/Survey-Types/DHS.cfm},
 note = {Accessed 17/05/2023}
}

@article{kripke2016cost,
  title={{C}ost and {I}mpact of {V}oluntary {M}edical {M}ale {C}ircumcision in {S}outh {A}frica: {F}ocusing the {P}rogram on {S}pecific {A}ge {G}roups and {P}rovinces},
  author={Kripke, K. and Chen, P.-A. and Vazzano, A. and Thambinayagam, A. and Pillay, Y. and Loykissoonlal, D. and Bonnecwe, C. and Barron, P. and Kiwango, E. and Castor, D. and Njeuhmeli, E.},
  journal={PLoS One},
  volume={11},
  number={7},
  pages={e0157071},
  year={2016}
}

@article{kripke2016age,
  title={{A}ge {T}argeting of {V}oluntary {M}edical {M}ale {C}ircumcision {P}rograms {U}sing the {D}ecision {M}akers' {P}rogram {P}lanning {T}oolkit ({DMPPT}) 2.0},
  author={Kripke, K. and Opuni, M. and Schnure, M. and Sgaier, S. and Castor, D. and Reed, J. and Njeuhmeli, E. and Stover, J.},
  journal={PloS one},
  volume={11},
  number={7},
  pages={e0156909},
  year={2016}
}

@article{bailey2008male,
  title={{M}ale circumcision for {HIV} prevention: a prospective study of complications in clinical and traditional settings in {B}ungoma, {K}enya},
  author={Bailey, R. C. and Egesah, O. and Rosenberg, S.},
  journal={Bulletin of the World Health Organization},
  volume={86},
  pages={669--677},
  year={2008},
  publisher={SciELO Public Health}
}

@article{shaffer2007protective,
  title={{T}he {P}rotective {E}ffect of {C}ircumcision on {HIV} {I}ncidence in {R}ural {L}ow-{R}isk {M}en {C}ircumcised {P}redominantly by {T}raditional {C}ircumcisers in {K}enya: {T}wo-Year {F}ollow-{U}p of the {K}ericho {HIV} {C}ohort {S}tudy},
  author={Shaffer, D. N. and Bautista, C. T. and Sateren, W. B. and Sawe, F. K. and Kiplangat, S. C. and Miruka, A. O. and Renzullo, P. O. and Scott, P. T. and Robb, M. L. and Michael, N. L. and Birx, D. L. },
  journal={Journal of Acquired Immune Deficiency Syndromes},
  volume={45},
  number={4},
  pages={371--379},
  year={2007},
  publisher={LWW}
}

@article{drain2006male,
  title={Male circumcision, religion, and infectious diseases: an ecologic analysis of 118 developing countries},
  author={Drain, P. K. and Halperin, D. T. and Hughes, J. P. and Klausner, J. D. and Bailey, R. C.},
  journal={BMC infectious diseases},
  volume={6},
  number={1},
  pages={172},
  year={2006},
  publisher={Springer}
}

@article{weiss2000male,
  title={Male circumcision and risk of {HIV} infection in sub-{S}aharan {A}frica: a systematic review and meta-analysis},
  author={Weiss, H. A. and Quigley, M. A. and Hayes, R. J.},
  journal={AIDS},
  volume={14},
  number={15},
  pages={2361--2370},
  year={2000},
  publisher={LWW}
}

@techreport{WHOTraditional,
  title={{T}raditional male circumcision among young people.},
  year = {2009},
  author={{World Health Organization}},
  url={https://apps.who.int/iris/bitstream/handle/10665/44247/9789241598910_eng.pdf},
  lastchecked={7 January 2023}
}

@article{wilcken2010traditional,
  title={{T}raditional male circumcision in eastern and southern {A}frica: a systematic review of prevalence and complications},
  author={Wilcken, A. and Keil, T. and Dick, B.},
  journal={Bulletin of the World Health Organization},
  volume={88},
  pages={907--914},
  year={2010},
  publisher={SciELO Public Health}
}

@misc{ais,
 title={{AIDS Indicators Survey (AIS)}},
 author={{DHS Program}},
 url={https://dhsprogram.com/Methodology/Survey-Types/AIS.cfm},
 note = {Accessed 17/05/2023}
}

@article{thomas2024substantial,
  title={Substantial but spatially heterogeneous progress in male circumcision for HIV prevention in South Africa},
  author={Thomas, Matthew L and Zuma, Khangelani and Loykissoonlal, Dayanund and Dube, Ziphozonke Bridget and Vranken, Peter and Porter, Sarah E and Kripke, Katharine and Seatlhodi, Thapelo and Meyer-Rath, Gesine and Johnson, Leigh F and others},
  journal={Communications Medicine},
  volume={4},
  number={1},
  pages={1},
  year={2024},
  publisher={Nature Publishing Group UK London}
}

@misc{UNAIDSStats,
 title={{Global HIV \& AIDS Statistics - Fact Sheet}},
 author={{UNAIDS}},
 url={https://www.unaids.org/en/resources/fact-sheet},
 note = {Accessed 17/05/2023}
}

@misc{UNAIDSStrategy,
 title={{AIDS Strategy 2021-2026}},
 author={{UNAIDS}},
 url={https://www.unaids.org/en/Global-AIDS-Strategy-2021-2026},
 note = {Accessed 17/05/2023}
}

@article{auvert2005randomized,
  title={Randomized, controlled intervention trial of male circumcision for reduction of {HIV} infection risk: the {ANRS} 1265 {T}rial},
  author={Auvert, B. and Taljaard, D. and Lagarde, E. and Sobngwi-Tambekou, J. and Sitta, R. and Puren, A.},
  journal={PLoS Medicine},
  volume={2},
  number={11},
  pages={e298},
  year={2005},
  publisher={Public Library of Science}
}

@article{gray2007male,
  title={Male circumcision for {HIV} prevention in men in {R}akai, {U}ganda: a randomised trial},
  author={Gray, R. H. and Kigozi, G. and Serwadda, D. and Makumbi, F. and Watya, S. and Nalugoda, F. and Kiwanuka, N. and Moulton, L. H. and Chaudhary, M. A. and Chen, M. Z. and Sewankambo, N. K. and Wabwire-Mangen, F. and Bacon, M. C. and Williams, C. F. M. and Opendi, P. and Reynolds, S. J. and Laeyendecker, O. and Quinn, T. C. and Wawer, M. J.},
  journal={The Lancet},
  volume={369},
  number={9562},
  pages={657--666},
  year={2007},
  publisher={Elsevier}
}

@article{bailey2007male,
  title={Male circumcision for {HIV} prevention in young men in {K}isumu, {K}enya: a randomised controlled trial},
  author={Bailey, R. C. and Moses, S. and Parker, C. B. and Agot, K. and Maclean, I. and Krieger, J. N. and Williams, C. F. M. and Campbell, R. T. and Ndinya-Achola, J. O.},
  journal={The Lancet},
  volume={369},
  number={9562},
  pages={643--656},
  year={2007},
  publisher={Elsevier}
}

@article{pintye2019benefits,
  title={Benefits of male circumcision for {MSM}: evidence for action},
  author={Pintye, J. and Baeten, J. M.},
  journal={The Lancet Global Health},
  volume={7},
  number={4},
  pages={e388--e389},
  year={2019},
  publisher={Elsevier}
}

@article{tobian2009male,
  title={{M}ale circumcision for the prevention of {HSV}-2 and {HPV} infections and syphilis},
  author={Tobian, A. A. R. and Serwadda, D. and Quinn, T. C. and Kigozi, G. and Gravitt, P. E. and Laeyendecker, O. and Charvat, B. and Ssempijja, V. and Riedesel, M. and Oliver, A. E. and Nowak, R. G. and Moulton, L. H. and Chen, M. Z. and Reynolds, S. J. and Wawer, M. J. and Gray, R. H. },
  journal={New England Journal of Medicine},
  volume={360},
  number={13},
  pages={1298--1309},
  year={2009},
  publisher={Mass Medical Soc}
}

@article{grund2017association,
  title={{A}ssociation between male circumcision and women's biomedical health outcomes: a systematic review},
  author={Grund, J. M. and Bryant, T. S. and Jackson, I. and Curran, K. and Bock, N. and Toledo, C. and Taliano, J. and Zhou, S. and del Campo, J. M. and Yang, L. and Kivumbi, A. and Li, P. and Pals, S. and Davis, S. M. },
  journal={The Lancet Global Health},
  volume={5},
  number={11},
  pages={e1113--e1122},
  year={2017},
  publisher={Elsevier}
}

@article{gray2012effectiveness,
  title={The effectiveness of male circumcision for HIV prevention and effects on risk behaviors in a post-trial follow up study in Rakai, Uganda},
  author={Gray, R. H. and Kigozi, G. and Kong, X. and Ssempiija, V. and Makumbi, F. and Wattya, S. and Serwadda, D. and Nalugoda, F. and Sewenkambo, N. K. and Wawer, M. J.},
  journal={AIDS London England},
  volume={26},
  number={5},
  pages={609},
  year={2012},
  publisher={NIH Public Access}
}

@article{bansi2023cost,
  title={{Cost-effectiveness of voluntary medical male circumcision for HIV prevention across sub-Saharan Africa: results from five independent models}},
  author={Bansi-Matharu, L. and Mudimu, E. and Martin-Hughes, R. and Hamilton, M. and Johnson, L. and Ten Brink, D. and Stover, J. and Meyer-Rath, G. and Kelly, S. L. and Jamieson, L. and Cambiano, V. and Jahn, A. and Cowan, F. M. and Mangenah, C. and Mavhu, W. and Chidarikire, T. and Toledo, C. and Revill, P. and Sundaram, M. and Hatzold, K. and Yansaneh, A. and Apollo, T. and Kalua, T. and Mugurungi, O. and Kiggundu, V. and Zhang, S. and Nyirenda, R. and Phillips, A. and Kripke, K. and Bershteyn, A.},
  journal={The Lancet Global Health},
  volume={11},
  number={2},
  pages={e244--e255},
  year={2023},
  publisher={Elsevier}
}











@misc{mics,
 title={{Multiple Indicator Cluster Survey (MICS)}},
 author={{UNICEF}},
 url={https://mics.unicef.org/surveys},
 note = {Accessed 17/05/2023}
}

@misc{phia,
 title={{Population-based HIV impact assessment: guiding the global HIV response}},
 author={{PHIA project}},
 url={https://phia.icap.columbia.edu},
 note = {Accessed 17/05/2023}
}

@techreport{hsrc2002,
Author = {{South Africa Human Sciences Research Council}},
  title = {{N}elson {M}andela {HSRC} {S}tudy of {HIV/AIDS}: {F}ull {R}eport. {S}outh {A}frican {N}ational {HIV} prevalence, behavioural risks and mass media. {H}ousehold survey 2002},
  year = 2005,
  url = {https://www.hsrcpress.ac.za/books/nelson-mandela-hsrc-study-of-hiv-aids-full-report},
  lastchecked = {4 August 2023}
}

@techreport{hsrc2008,
Author = {{South Africa Human Sciences Research Council}},
  title = {{S}outh {A}frican {N}ational {HIV} {P}revalence, {HIV} {I}ncidence, {B}ehaviour and {C}ommunication {S}urvey, 2008},
  year = 2009,
  url = {https://www.hsrcpress.ac.za/books/south-african-national-hiv-prevalence-incidence-behaviour-and-communication-survey-2008},
  lastchecked = {4 August 2023}
}

@techreport{hsrc2012,
Author = {{South Africa Human Sciences Research Council}},
  title = {{S}outh {A}frican {N}ational {HIV} {P}revalence, {I}ncidence and {B}ehaviour {S}urvey, 2012},
  year = 2014,
  url = {https://www.hsrcpress.ac.za/books/south-african-national-hiv-prevalence-incidence-and-behaviour-survey-2012},
  lastchecked = {4 August 2023}
}

@techreport{hsrc2017,
Author = {{South Africa Human Sciences Research Council}},
  title = {{S}outh {A}frican {N}ational {HIV} {P}revalence, {I}ncidence and {B}ehaviour {S}urvey, 2017},
  year = 2021,
  url = {https://repository.hsrc.ac.za/bitstream/handle/20.500.11910/15052/11091.pdf},
  lastchecked = {4 August 2023}
}

@article{bais2008,
  title={Botswana AIDS Impact Survey III Statistical Report},
  author={Botswana, Statistics},
  journal={Government Printer, Gaborone, Republic of Botswana},
  year={2008}
}

@article{bais2013,
  title={Botswana AIDS Impact Survey IV Statistical Report},
  author={Botswana, Statistics},
  journal={Government Printer, Gaborone, Republic of Botswana},
  year={2013}
}

@misc{thomas2021multilevel,
	title = {A multi-level model for estimating region-age-time-type specific male circumcision coverage from household survey and health system data in {South} {Africa}},
	url = {http://arxiv.org/abs/2108.09142},
	language = {en},
	urldate = {2022-10-20},
	publisher = {arXiv},
	author = {Thomas, M. L. and Zuma, K. and Loykissoonlal, D. and Dube, B. and Vranken, P. and Porter, S. E. and Kripke, K. and Seatlhodi, T. and Meyer-Rath, G. and Johnson, L. F. and Eaton, J. W.},
	month = sep,
	year = {2021},
}

@misc{noauthor_world_nodate,
	title = {World {Health} {Organization}. {A} framework for voluntary medical male circumcision: {Effective} {HIV} prevention and a gateway to improved adolescent boys’ and men’s health in {Eastern} and {Southern} {Africa} by 2021, 2016. {URL} https://apps.who.int/iris/bitstream/handle/10665/ 246234/{WHO}-{HIV}-2016.17-eng.pdf?sequence=1.},
	url = {https://apps.who.int/iris/bitstream/handle/10665/246234/WHO-%AD%20HIV-%AD%202016.17-%AD%20eng.pdf?sequence=1},
	file = {b59973678a36682cd1c575ac2bd7c1be.pdf:/home/paddy7wb/Zotero/storage/4I3A643Q/b59973678a36682cd1c575ac2bd7c1be.pdf:application/pdf},
}

@book{rue2005gaussian,
  title={{G}aussian {M}arkov random fields: theory and applications},
  author={Rue, H. and Held, L.},
  year={2005},
  publisher={CRC press}
}

@article{besag1995conditional,
  title={On conditional and intrinsic autoregressions},
  author={Besag, J. and Kooperberg, C.},
  journal={Biometrika},
  volume={82},
  number={4},
  pages={733--746},
  year={1995},
  publisher={Oxford University Press}
}

@article{knorr2000bayesian,
  title={{B}ayesian modelling of inseparable space-time variation in disease risk},
  author={Knorr-Held, Leonhard},
  journal={Statistics in medicine},
  volume={19},
  number={17-18},
  pages={2555--2567},
  year={2000},
  publisher={Wiley Online Library}
}

@article{byrd1995limited,
  title={{A} limited memory algorithm for bound constrained optimization},
  author={Byrd, R. H. and Lu, P. and Nocedal, J.  and Zhu, C.},
  journal={SIAM Journal on scientific computing},
  volume={16},
  number={5},
  pages={1190--1208},
  year={1995},
  publisher={SIAM}
}

@article{cork2020mapping,
  title={{M}apping male circumcision for {HIV} prevention efforts in sub-{S}aharan {A}frica},
  author={Cork, M. A. and Wilson, K. F. and Perkins, S. and Collison, M. L. and Deshpande, A. and Eaton, J. W. and Earl, L. and Haeuser, E. and Justman, J. E. and Kinyoki, D. K. and Mayala, B. K. and Mosser, J. F. and Murray, C. J. L. and Nkengasong, J. N. and Piot, P. and Sartorius, B. and Schaeffer, L. E. and Serfes, A. L. and Sligar, A. and Steuben, K. M. and Tanser, F. C. and VanderHeide, J. D. and Yang, M. and Wabiri, N. and Hay, S. I. and Dwyer-Lindgren, L. },
  journal={BMC medicine},
  volume={18},
  number={1},
  pages={1--15},
  year={2020},
  publisher={Springer}
}

@article{kristensen2016tmb,
  title={{TMB}: {A}utomatic differentiation and {L}aplace approximation.},
  author={Kristensen, K. and Nielsen, A. and Berg, C. W. and Skaug, H. and Bell, B. M.},
  journal={Journal of Statistical Software},
  volume={70},
  pages={1--21},
  year={2016}
}

@article{rcore,
  title={{R}: {A} {L}anguage and {E}nvironment for {S}tatistical {C}omputing.},
  year = {2021},
  author={{R Core Team}},
  journal = {R Foundation for Statistical Computing, Vienna, Austria},
  url={https://www.R-project.org/}
}

@article{eaton2021naomi,
  title={{N}aomi: {A} {N}ew {M}odelling {T}ool for {E}stimating {HIV} {E}pidemic {I}ndicators at the {D}istrict {L}evel in {S}ub-{S}aharan {A}frica},
  author={Eaton, J. W. and Dwyer-Lindgren, L. and Gutreuter, S. and O'Driscoll, M. and Stevens, O. and Bajaj, S. and Ashton, R. and Hill, A. and Russell, E. and Esra, R. and Dolan, N. and Anifowoshe, Y. L. and Fellows, I. and Glaubius, R. and Haeuser, E. and Okonek, T. and Stover, J. and Thomas, M. L. and Wakefield, J. and Wolock, T. and Berry, J. and Sabala, T. and Heard, N. and Delgado, S. and Pantazis, A. and Jahn, A. and Kalua, T. and Chimpandule, T. and Auld, A. and Kim, E. and Payne, D. and Johnson, L. F. and Fitzjohn, R. and Wankyeki, I. and Mahy, M. and Shiraishi, R. },
  year={2021},
  journal={Under review},
}

@techreport{UNAIDSJoint,
  title={{J}oint strategic action framework to accelerate the scale-up of voluntary medical male circumcision for {HIV} prevention in eastern and southern {A}frica, 2012-2016},
  year = {2011},
  author={WHO},
  url={https://www.hst.org.za/publications/NonHST%20Publications/JC2251_Action_Framework_circumcision_en.pdf},
  lastchecked = {7 January 2023}  
}

@techreport{WHOVoluntary2,
  title={{V}oluntary medical male circumcision: {R}emarkable progress in the scale up of {VMMC} as an {HIV} prevention intervention in 15 {ESA} countries},
  year = {2019},
  author={{World Health Organization}},
  url={https://www.who.int/publications/i/item/voluntary-medical-male-circumcision-progress-brief-2019},
  lastchecked={7 January 2023}  
}

@techreport{WHOFramework,
  title={A framework for voluntary medical male circumcision: {E}ffective {HIV} prevention and a gateway to improved adolescent boys' and men's health in {E}astern and {S}outhern {A}frica by 2021},
  year = {2016},
  author={{World Health Organization}},
  url={https://apps.who.int/iris/bitstream/handle/10665/246234/WHO-HIV-2016.17-eng.pdf},
  lastchecked={7 January 2023}
}

@article{davis2018progress,
  title={Progress in voluntary medical male circumcision for {HIV} prevention supported by the {US} {P}resident's {E}mergency {P}lan for {AIDS} {R}elief through 2017: longitudinal and recent cross-sectional programme data},
  author={Davis, S. M. and Hines, J. Z. and Habel, M. and Grund, J. M. and Ridzon, R. and Baack, B. and Davitte, J. and Thomas, A. and Kiggundu, V. and Bock, N. and Pordell, P. and Cooney, C. and Zaidi, I. and Toledo, C.},
  journal={BMJ Open},
  volume={8},
  number={8},
  pages={e021835},
  year={2018},
  publisher={British Medical Journal Publishing Group}
}


